<?xml version="1.0" encoding="UTF-8"?><collection xmlns="http://www.loc.gov/MARC21/slim"><record><leader>00404nam--2200133-i-4500</leader><controlfield tag="001">000003471</controlfield><controlfield tag="002">20161230</controlfield><controlfield tag="005">20161230201025</controlfield><controlfield tag="008">060222s1000------------r-----000-0-eng-d</controlfield><datafield ind1=" " ind2=" " tag="080"><subfield code="a">535.37:548.0</subfield></datafield><datafield ind1=" " ind2=" " tag="100"><subfield code="a">Adirowitsch, E.I</subfield></datafield><datafield ind1=" " ind2=" " tag="245"><subfield code="a">Einige fragen zur theorie der lumineszenz der kristalle. mit 123 abbildungen im text</subfield></datafield><datafield ind1=" " ind2=" " tag="260"><subfield code="a">Berlin, Akademie-verlag, 1953 Xii + 298 P.Cu Ilustrate</subfield></datafield><datafield ind1=" " ind2=" " tag="852"><subfield code="a">3724</subfield></datafield></record></collection>